<record><leader>00000cas a2200000 a 4500</leader><controlfield tag="001">11294363</controlfield><controlfield tag="008">841022d18651901iauwr ne      0    0eng c</controlfield><datafield ind1=" " ind2=" " tag="010"><subfield code="a">sn 84038385 </subfield></datafield><datafield ind1=" " ind2=" " tag="040"><subfield code="a">NPX</subfield><subfield code="b">eng</subfield><subfield code="c">NPX</subfield><subfield code="d">INP</subfield><subfield code="d">MGN</subfield><subfield code="d">CVF</subfield><subfield code="d">OCLCQ</subfield><subfield code="d">OCLCF</subfield><subfield code="d">OCLCO</subfield></datafield><datafield ind1=" " ind2=" " tag="042"><subfield code="a">pcc</subfield></datafield><datafield ind1=" " ind2=" " tag="043"><subfield code="a">n-us-ia</subfield></datafield><datafield ind1="0" ind2="0" tag="245"><subfield code="a">Monona County gazette.</subfield></datafield><datafield ind1="1" ind2="3" tag="246"><subfield code="a">Onawa gazette</subfield></datafield><datafield ind1=" " ind2=" " tag="260"><subfield code="a">Onawa City, Monona County, Iowa :</subfield><subfield code="b">F.M. Howendobler &amp; C.H. Aldridge,</subfield><subfield code="c">-1901.</subfield></datafield><datafield ind1=" " ind2=" " tag="300"><subfield code="a">v.</subfield></datafield><datafield ind1=" " ind2=" " tag="310"><subfield code="a">Weekly</subfield></datafield><datafield ind1="1" ind2=" " tag="362"><subfield code="a">Began Dec. 2, 1865.</subfield></datafield><datafield ind1="0" ind2=" " tag="362"><subfield code="a">-v. 36, no. 23 (Apr. 11, 1901).</subfield></datafield><datafield ind1=" " ind2=" " tag="500"><subfield code="a">Onawa, Iowa, formerly called Onawa City, Iowa.</subfield></datafield><datafield ind1=" " ind2=" " tag="500"><subfield code="a">Editors: Jno. K. McCaskey &amp; C.H. Aldridge, &lt;1874&gt;.</subfield></datafield><datafield ind1=" " ind2=" " tag="500"><subfield code="a">Publishers: Jno. K. McCaskey &amp; C.H. Aldridge, &lt;1874&gt;.</subfield></datafield><datafield ind1=" " ind2=" " tag="515"><subfield code="a">Issues for &lt;Aug. 8, 1874&gt;-Apr. 11, 1901, called also whole no. &lt;473&gt;-1861.</subfield></datafield><datafield ind1=" " ind2=" " tag="588"><subfield code="a">Description based on: Vol. 2, no. 36 (Nov. 19, 1867).</subfield></datafield><datafield ind1=" " ind2="0" tag="651"><subfield code="a">Onawa (Iowa)</subfield><subfield code="v">Newspapers.</subfield></datafield><datafield ind1=" " ind2="0" tag="651"><subfield code="a">Monona County (Iowa)</subfield><subfield code="v">Newspapers.</subfield></datafield><datafield ind1=" " ind2="7" tag="655"><subfield code="a">Newspapers.</subfield><subfield code="2">fast</subfield><subfield code="0">(OCoLC)fst01423814</subfield></datafield><datafield ind1=" " ind2="7" tag="651"><subfield code="a">Iowa</subfield><subfield code="z">Monona County.</subfield><subfield code="2">fast</subfield><subfield code="0">(OCoLC)fst01212211</subfield></datafield><datafield ind1=" " ind2="7" tag="651"><subfield code="a">Iowa</subfield><subfield code="z">Onawa.</subfield><subfield code="2">fast</subfield><subfield code="0">(OCoLC)fst01230735</subfield></datafield><datafield ind1=" " ind2=" " tag="752"><subfield code="a">United States</subfield><subfield code="b">Iowa</subfield><subfield code="c">Monona</subfield><subfield code="d">Onawa.</subfield></datafield><datafield ind1="0" ind2="0" tag="785"><subfield code="t">Onawa gazette</subfield><subfield code="w">(DLC)sn 87057860</subfield></datafield></record>